%YAML 1.1
%TAG !u! tag:unity3d.com,2011:
--- !u!1 &1504053129668127117
GameObject:
  m_ObjectHideFlags: 0
  m_CorrespondingSourceObject: {fileID: 0}
  m_PrefabInstance: {fileID: 0}
  m_PrefabAsset: {fileID: 0}
  serializedVersion: 6
  m_Component:
  - component: {fileID: 1504053129668127111}
  - component: {fileID: 1504053129668127110}
  - component: {fileID: 1504053129668127105}
  - component: {fileID: 1504053129668127104}
  - component: {fileID: 1504053129668127107}
  - component: {fileID: 1504053129668127106}
  m_Layer: 0
  m_Name: BuildingTarget
  m_TagString: Untagged
  m_Icon: {fileID: 0}
  m_NavMeshLayer: 0
  m_StaticEditorFlags: 0
  m_IsActive: 1
--- !u!4 &1504053129668127111
Transform:
  m_ObjectHideFlags: 0
  m_CorrespondingSourceObject: {fileID: 0}
  m_PrefabInstance: {fileID: 0}
  m_PrefabAsset: {fileID: 0}
  m_GameObject: {fileID: 1504053129668127117}
  m_LocalRotation: {x: 0, y: 0, z: 0, w: 1}
  m_LocalPosition: {x: 0, y: 0, z: 0.628}
  m_LocalScale: {x: 0.1, y: 0.1, z: 0.1}
  m_Children:
  - {fileID: 1504053129775178343}
  m_Father: {fileID: 0}
  m_RootOrder: 0
  m_LocalEulerAnglesHint: {x: 0, y: 0, z: 0}
--- !u!114 &1504053129668127110
MonoBehaviour:
  m_ObjectHideFlags: 0
  m_CorrespondingSourceObject: {fileID: 0}
  m_PrefabInstance: {fileID: 0}
  m_PrefabAsset: {fileID: 0}
  m_GameObject: {fileID: 1504053129668127117}
  m_Enabled: 1
  m_EditorHideFlags: 0
  m_Script: {fileID: -1631628248, guid: bab6fa851cf5a1a4bba3cec5f191cb8e, type: 3}
  m_Name: 
  m_EditorClassIdentifier: 
  mTrackableName: BuildingTarget
  mPreserveChildSize: 0
  mInitializedInEditor: 1
  mDataSetPath: Vuforia/DesertStrikeAR.xml
  mAspectRatio: 1
  mImageTargetType: 0
  mWidth: 0.1
  mHeight: 0.1
--- !u!114 &1504053129668127105
MonoBehaviour:
  m_ObjectHideFlags: 0
  m_CorrespondingSourceObject: {fileID: 0}
  m_PrefabInstance: {fileID: 0}
  m_PrefabAsset: {fileID: 0}
  m_GameObject: {fileID: 1504053129668127117}
  m_Enabled: 1
  m_EditorHideFlags: 0
  m_Script: {fileID: 11500000, guid: 5a917f0af64a6423093132dab321c15f, type: 3}
  m_Name: 
  m_EditorClassIdentifier: 
--- !u!114 &1504053129668127104
MonoBehaviour:
  m_ObjectHideFlags: 0
  m_CorrespondingSourceObject: {fileID: 0}
  m_PrefabInstance: {fileID: 0}
  m_PrefabAsset: {fileID: 0}
  m_GameObject: {fileID: 1504053129668127117}
  m_Enabled: 1
  m_EditorHideFlags: 0
  m_Script: {fileID: -1770992566, guid: bab6fa851cf5a1a4bba3cec5f191cb8e, type: 3}
  m_Name: 
  m_EditorClassIdentifier: 
--- !u!23 &1504053129668127107
MeshRenderer:
  m_ObjectHideFlags: 0
  m_CorrespondingSourceObject: {fileID: 0}
  m_PrefabInstance: {fileID: 0}
  m_PrefabAsset: {fileID: 0}
  m_GameObject: {fileID: 1504053129668127117}
  m_Enabled: 1
  m_CastShadows: 1
  m_ReceiveShadows: 1
  m_DynamicOccludee: 1
  m_MotionVectors: 1
  m_LightProbeUsage: 0
  m_ReflectionProbeUsage: 1
  m_RenderingLayerMask: 1
  m_RendererPriority: 0
  m_Materials:
  - {fileID: 0}
  m_StaticBatchInfo:
    firstSubMesh: 0
    subMeshCount: 0
  m_StaticBatchRoot: {fileID: 0}
  m_ProbeAnchor: {fileID: 0}
  m_LightProbeVolumeOverride: {fileID: 0}
  m_ScaleInLightmap: 1
  m_ReceiveGI: 1
  m_PreserveUVs: 0
  m_IgnoreNormalsForChartDetection: 0
  m_ImportantGI: 0
  m_StitchLightmapSeams: 1
  m_SelectedEditorRenderState: 3
  m_MinimumChartSize: 4
  m_AutoUVMaxDistance: 0.5
  m_AutoUVMaxAngle: 89
  m_LightmapParameters: {fileID: 0}
  m_SortingLayerID: 0
  m_SortingLayer: 0
  m_SortingOrder: 0
--- !u!33 &1504053129668127106
MeshFilter:
  m_ObjectHideFlags: 0
  m_CorrespondingSourceObject: {fileID: 0}
  m_PrefabInstance: {fileID: 0}
  m_PrefabAsset: {fileID: 0}
  m_GameObject: {fileID: 1504053129668127117}
  m_Mesh: {fileID: 0}
--- !u!65 &1504053130577119915
BoxCollider:
  m_ObjectHideFlags: 0
  m_CorrespondingSourceObject: {fileID: 0}
  m_PrefabInstance: {fileID: 0}
  m_PrefabAsset: {fileID: 0}
  m_GameObject: {fileID: 1504053129775676999}
  m_Material: {fileID: 0}
  m_IsTrigger: 0
  m_Enabled: 1
  serializedVersion: 2
  m_Size: {x: 3.4093874, y: 6.626292, z: 3.002355}
  m_Center: {x: 0, y: 3.313146, z: 0.0000009536743}
--- !u!208 &1504053130577119912
NavMeshObstacle:
  m_ObjectHideFlags: 0
  m_CorrespondingSourceObject: {fileID: 0}
  m_PrefabInstance: {fileID: 0}
  m_PrefabAsset: {fileID: 0}
  m_GameObject: {fileID: 1504053129775676999}
  m_Enabled: 1
  serializedVersion: 3
  m_Shape: 1
  m_Extents: {x: 1.705, y: 3.3130002, z: 1.501}
  m_MoveThreshold: 0.1
  m_Carve: 0
  m_CarveOnlyStationary: 1
  m_Center: {x: 0, y: 3.3130002, z: 0}
  m_TimeToStationary: 0.5
--- !u!1001 &1504053129775577319
PrefabInstance:
  m_ObjectHideFlags: 0
  serializedVersion: 2
  m_Modification:
    m_TransformParent: {fileID: 1504053129668127111}
    m_Modifications:
    - target: {fileID: 100000, guid: 8301c26097996ce4fa26f5e5847d888a, type: 3}
      propertyPath: m_Name
      value: Building
      objectReference: {fileID: 0}
    - target: {fileID: 400000, guid: 8301c26097996ce4fa26f5e5847d888a, type: 3}
      propertyPath: m_LocalPosition.x
      value: 0
      objectReference: {fileID: 0}
    - target: {fileID: 400000, guid: 8301c26097996ce4fa26f5e5847d888a, type: 3}
      propertyPath: m_LocalPosition.y
      value: 0
      objectReference: {fileID: 0}
    - target: {fileID: 400000, guid: 8301c26097996ce4fa26f5e5847d888a, type: 3}
      propertyPath: m_LocalPosition.z
      value: 0
      objectReference: {fileID: 0}
    - target: {fileID: 400000, guid: 8301c26097996ce4fa26f5e5847d888a, type: 3}
      propertyPath: m_LocalRotation.x
      value: 0
      objectReference: {fileID: 0}
    - target: {fileID: 400000, guid: 8301c26097996ce4fa26f5e5847d888a, type: 3}
      propertyPath: m_LocalRotation.y
      value: -0
      objectReference: {fileID: 0}
    - target: {fileID: 400000, guid: 8301c26097996ce4fa26f5e5847d888a, type: 3}
      propertyPath: m_LocalRotation.z
      value: -0
      objectReference: {fileID: 0}
    - target: {fileID: 400000, guid: 8301c26097996ce4fa26f5e5847d888a, type: 3}
      propertyPath: m_LocalRotation.w
      value: 1
      objectReference: {fileID: 0}
    - target: {fileID: 400000, guid: 8301c26097996ce4fa26f5e5847d888a, type: 3}
      propertyPath: m_RootOrder
      value: 0
      objectReference: {fileID: 0}
    - target: {fileID: 400000, guid: 8301c26097996ce4fa26f5e5847d888a, type: 3}
      propertyPath: m_LocalEulerAnglesHint.x
      value: 0
      objectReference: {fileID: 0}
    - target: {fileID: 400000, guid: 8301c26097996ce4fa26f5e5847d888a, type: 3}
      propertyPath: m_LocalEulerAnglesHint.y
      value: 0
      objectReference: {fileID: 0}
    - target: {fileID: 400000, guid: 8301c26097996ce4fa26f5e5847d888a, type: 3}
      propertyPath: m_LocalEulerAnglesHint.z
      value: 0
      objectReference: {fileID: 0}
    - target: {fileID: 400000, guid: 8301c26097996ce4fa26f5e5847d888a, type: 3}
      propertyPath: m_LocalScale.x
      value: 0.2759217
      objectReference: {fileID: 0}
    - target: {fileID: 400000, guid: 8301c26097996ce4fa26f5e5847d888a, type: 3}
      propertyPath: m_LocalScale.y
      value: 0.4875
      objectReference: {fileID: 0}
    - target: {fileID: 400000, guid: 8301c26097996ce4fa26f5e5847d888a, type: 3}
      propertyPath: m_LocalScale.z
      value: 0.2759217
      objectReference: {fileID: 0}
    m_RemovedComponents: []
  m_SourcePrefab: {fileID: 100100000, guid: 8301c26097996ce4fa26f5e5847d888a, type: 3}
--- !u!1 &1504053129775676999 stripped
GameObject:
  m_CorrespondingSourceObject: {fileID: 100000, guid: 8301c26097996ce4fa26f5e5847d888a,
    type: 3}
  m_PrefabInstance: {fileID: 1504053129775577319}
  m_PrefabAsset: {fileID: 0}
--- !u!4 &1504053129775178343 stripped
Transform:
  m_CorrespondingSourceObject: {fileID: 400000, guid: 8301c26097996ce4fa26f5e5847d888a,
    type: 3}
  m_PrefabInstance: {fileID: 1504053129775577319}
  m_PrefabAsset: {fileID: 0}
